% Encoding: ISO-8859-1


@Book{Bishop06,
  Title                    = {Pattern Recognition and Machine Learning},
  Author                   = {C M Bishop},
  Editor                   = {M I Jordan and J Kleinberg and B Sch\"{o}lkopf},
  Publisher                = {Springer},
  Year                     = {2006},
  Month                    = {August},

  HowPublished             = {Hardcover},
  ISBN                     = {0387310738},
  Url                      = {http://www.amazon.ca/exec/obidos/redirect?tag=citeulike09-20\&amp;path=ASIN/0387310738}
}

@Article{Rumelhart86,
  Title                    = {Learning representations by back-propagation errors},
  Author                   = {D. Rumelhart, G Hinton, R. Williams},
  Journal                  = {Nature},
  Year                     = {1986},
  Pages                    = {533-536},
  Volume                   = {323},

  Owner                    = {adam},
  Timestamp                = {2017.01.17}
}

@Book{Goodfellow16,
  Title                    = {Deep Learning},
  Author                   = {I Goodfellow and Y Bengio and A Courville},
  Publisher                = {MIT Press},
  Year                     = {2016},

  Url                      = {http://www.deeplearningbook.org}
}

@Article{Hoffman14,
  Title                    = {The No-U-turn sampler: adaptively setting path lengths in Hamiltonian Monte Carlo.},
  Author                   = {M D Hoffman and A Gelman},
  Journal                  = {Journal of Machine Learning Research},
  Year                     = {2014},
  Number                   = {1},
  Pages                    = {1593--1623},
  Volume                   = {15}
}

@InCollection{Salakhutdinov08,
  Title                    = {Probabilistic Matrix Factorization},
  Author                   = {R Salakhutdinov and A Mnih},
  Booktitle                = {Advances in Neural Information Processing Systems 20},
  Publisher                = {MIT Press},
  Year                     = {2008},

  Address                  = {Cambridge, MA},
  Editor                   = {Platt, J. C. and Koller, D. and Singer, Y. and Roweis, S.},

  Citeulike-article-id     = {2147262},
  File                     = {:Salakhutdinov08.pdf:PDF},
  Priority                 = {5}
}

@Article{Salvatier16,
  Title                    = {Probabilistic programming in Python using PyMC3.},
  Author                   = {J Salvatier and T V Wiecki and C Fonnesbeck},
  Journal                  = {PeerJ Computer Science},
  Year                     = {2016},
  Pages                    = {e55},
  Volume                   = {2},

  Keywords                 = {dblp},
  Timestamp                = {2016-06-23T11:38:20.000+0200},
  Url                      = {http://dblp.uni-trier.de/db/journals/peerj-cs/peerj-cs2.html#SalvatierWF16}
}

@Book{Murphy12,
  title     = {Machine learning: A probabilistic perspective},
  publisher = {MIT Press},
  year      = {2012},
  author    = {Murphy, K. P},
}

@Article{tran16,
  author  = {Dustin Tran and Alp Kucukelbir and Adji B. Dieng and Maja Rudolph and Dawen Liang and David M. Blei},
  title   = {{Edward: A library for probabilistic modeling, inference, and criticism}},
  journal = {arXiv preprint arXiv:1610.09787},
  year    = {2016},
}

@InProceedings{tran17,
  author    = {Dustin Tran and Matthew D. Hoffman and Rif A. Saurous and Eugene Brevdo and Kevin Murphy and David M. Blei},
  title     = {Deep probabilistic programming},
  booktitle = {International Conference on Learning Representations},
  year      = {2017},
}

@Article{Blei14,
  author  = {D M Blei},
  title   = {Build, compute, critique, repeat: Data analysis with latent variable models.},
  journal = {Annual Review of Statistics and Its Application},
  year    = {2014},
}

@Comment{jabref-meta: databaseType:bibtex;}
